<?xml version="1.0" encoding="UTF-8" standalone="yes"?><record><leader>01219cim a22003611i 4500</leader><controlfield tag="001">9919233782002836</controlfield><controlfield tag="006">m|||||o||h||||||||</controlfield><controlfield tag="007">cr#||a||||||||</controlfield><controlfield tag="007">sr#|||||||||ed</controlfield><controlfield tag="008">220805s        nz ||nn o      ||   eng  </controlfield><controlfield tag="005">20220805013801.0</controlfield><datafield ind1=" " ind2=" " tag="040"><subfield code="a">Nz</subfield><subfield code="b">eng</subfield><subfield code="e">rda</subfield><subfield code="c">Nz</subfield></datafield><datafield ind1=" " ind2=" " tag="042"><subfield code="a">nznb</subfield></datafield><datafield ind1=" " ind2=" " tag="043"><subfield code="a">u-nz---</subfield></datafield><datafield ind1="0" ind2=" " tag="100"><subfield code="a">Lauren</subfield><subfield code="c">(Podcaster),</subfield><subfield code="e">author.</subfield></datafield><datafield ind1="1" ind2=" " tag="245"><subfield code="a">whips chains and brains templatetemplatetemplate</subfield></datafield><datafield ind1=" " ind2="1" tag="264"><subfield code="a">[New Zealand] :</subfield><subfield code="b">[Whips, Chains and Brains],</subfield><subfield code="c">[&lt;year&gt;]</subfield></datafield><datafield ind1=" " ind2=" " tag="300"><subfield code="a">1 online resource (1 audio file)</subfield></datafield><datafield ind1=" " ind2=" " tag="336"><subfield code="a">spoken word</subfield><subfield code="2">rdacontent</subfield></datafield><datafield ind1=" " ind2=" " tag="337"><subfield code="a">computer</subfield><subfield code="2">rdamedia</subfield></datafield><datafield ind1=" " ind2=" " tag="338"><subfield code="a">online resource</subfield><subfield code="2">rdacarrier</subfield></datafield><datafield ind1=" " ind2=" " tag="344"><subfield code="a">digital</subfield><subfield code="2">rda</subfield></datafield><datafield ind1="1" ind2=" " tag="490"><subfield code="a">Whips, chains and brains,</subfield><subfield code="x">[2815-8911] ;</subfield><subfield code="v">&lt;month day, year&gt;</subfield></datafield><datafield ind1=" " ind2=" " tag="500"><subfield code="a">Converted from audio files to streaming audio format.</subfield><subfield code="5">Nz</subfield></datafield><datafield ind1=" " ind2=" " tag="520"><subfield code="a">"&lt;summary&gt;"--RSS feed.</subfield></datafield><datafield ind1=" " ind2=" " tag="588"><subfield code="a">Record automatically derived from RSS feed.</subfield><subfield code="5">Nz</subfield></datafield><datafield ind1=" " ind2="0" tag="650"><subfield code="a">Sex.</subfield></datafield><datafield ind1=" " ind2="0" tag="650"><subfield code="a">Interpersonal relations.</subfield></datafield><datafield ind1=" " ind2="7" tag="655"><subfield code="a">Podcasts.</subfield><subfield code="2">lcgft</subfield></datafield><datafield ind1="1" ind2=" " tag="700"><subfield code="a">Flintoft, Tarryn,</subfield><subfield code="e">author.</subfield></datafield><datafield ind1="0" ind2=" " tag="800"><subfield code="a">Lauren</subfield><subfield code="c">(Podcaster).</subfield><subfield code="t">Whips, chains and brains;</subfield><subfield code="v">&lt;month day, year&gt;.</subfield></datafield><datafield tag="856" ind1="4" ind2="0"><subfield code="u">insert URL</subfield></datafield><datafield ind1="4" ind2="2" tag="856"><subfield code="3">File host</subfield><subfield code="u">&lt;insert page URL&gt;</subfield></datafield><datafield ind1=" " ind2=" " tag="901"><subfield code="a">MGR</subfield></datafield></record>